1346 1723
584 252 651 264 SECTIO
666 253 733 264 PRIMA,
1048 253 1058 269 s)

635 322 649 343 ὗ.
665 327 681 344 7-

296 373 407 390 Prodeunte
428 373 489 397 plano,
505 373 522 390 in
536 374 587 397 quod
606 373 656 391 cadit
675 380 684 391 a
703 373 770 397 quovis
788 376 859 397 puncto
873 373 896 390 ad
910 373 991 397 quodvis
1012 373 1059 391 eius⁷

258 405 301 423 dem
317 406 374 423 dueta
387 410 444 428 recta,
460 412 537 430 campus
551 406 655 430 simplicior
667 406 773 430 clariorque
788 406 875 430 aperitur,
891 406 1015 425 circumcirca
1029 413 1059 424 ex-

258 445 327 463 pansus
337 439 356 457 in
366 439 465 461 infinitum,
476 439 557 463 spatium
571 440 589 457 in
604 440 641 458 duo
656 440 732 458 dimidia
747 439 826 463 aequalia
837 439 927 462 dividens,
939 440 1024 463 quamvis
1034 443 1060 458 tut

259 472 335 490 inferius
350 473 466 491 ostendetur*
481 479 587 497 congruere
601 473 721 491 manentibus
734 473 823 491 omnibus
837 473 938 491 dividentis
952 473 1027 497 punctis
1041 473 1059 490 in

259 506 295 523 suis
309 506 357 524 loeis
371 510 472 530 nequeant.
488 506 532 524 Huc
547 506 619 524 idcirco
638 513 690 525 mens
709 513 718 525 e
737 507 797 530 spatio
816 513 967 531 quaquaversum
986 506 1059 525 infinito

259 540 378 562 descensura,
397 544 453 558 antea
470 543 534 558 tamen
552 540 570 557 in
589 544 647 558 rectae
666 540 755 564 planique
773 540 925 558 combinationes
945 540 1060 563 generaliter

259 572 351 596 disquirit,

295 605 374 628 Quaevis
387 606 406 623 Α
422 610 440 624 et
454 606 478 628 B,
494 613 574 630 quorum
589 607 670 631 quodvis
689 610 720 624 aut
738 610 809 624 rectam
828 610 859 624 aut
879 606 956 630 planum
975 607 1059 629 denotet,

259 643 290 657 aut
304 643 369 657 secant
383 645 408 661 se,
423 643 454 657 aut
469 646 518 658 nou:
538 640 634 664 quaeritur,
655 646 700 658 num
719 640 791 664 possint
809 646 879 661 secare,
899 643 917 657 et
935 640 1006 664 possint
1021 646 1058 657 non

259 672 335 690 secare?
350 675 368 690 et
382 673 397 690 si
410 673 487 697 possint,
503 673 578 697 quando
593 673 611 691 id
625 673 669 691 fiat?
684 677 702 691 et
716 673 775 691 sectio
790 673 849 696 qualis
864 673 899 691 sit?

296 705 464 724 Demonstrabitur
477 712 511 730 pro
526 707 570 724 dato
584 706 652 730 quovis
666 707 722 730 plano
737 706 758 724 P
769 710 787 724 et
800 710 872 730 puncto
886 711 898 730 p
912 707 952 724 dari
965 710 1003 724 tam
1021 707 1059 730 pla-

258 745 303 756 num
318 745 374 763 quam
392 743 464 757 rectam
483 740 544 763 ipsum
559 745 570 763 p
585 740 737 764 complectentia,
757 740 818 764 ipsum
832 739 854 757 P
864 746 902 758 non
922 740 1010 762 secantia,
1026 740 1060 758 etsi

259 772 331 795 singula
345 772 400 790 simu]
414 772 487 791 infinita
501 773 624 797 accipiantur,
640 773 665 791 ita
679 780 713 797 pro
728 774 771 791 data
785 777 837 791 recta
850 773 870 791 Α
883 777 902 791 et
912 773 978 797 quovis
988 777 1059 797 puncto

258 810 269 829 p
284 805 324 823 dari
338 810 410 824 rectam
425 806 445 824 B
459 806 532 830 patebit
550 806 610 830 ipsum
629 812 640 830 p
658 807 825 830 complectentem,
844 813 886 830 quae
906 807 965 830 ipsam
983 807 1002 824 A
1021 813 1059 824 non

259 842 317 861 secet,
332 839 367 857 etsi
381 843 461 863 utraque
475 839 547 857 infinita
561 840 691 864 concipiatur,
706 843 724 858 et
738 840 815 864 quidem
829 843 867 857 tam
881 840 899 857 in
913 840 946 857 illo
960 840 1023 864 plano,
1041 840 1060 857 in

259 878 296 895 quo
311 872 330 890 Α
345 876 364 890 et
378 878 389 896 p
403 877 451 895 sunt,
466 879 522 896 quam
537 877 589 891 extra
604 873 656 891 illud⁴
678 873 755 891 Patebit
772 880 829 897 porro
848 879 881 897 per
899 873 949 891 idem
968 877 1059 897 punctum

259 905 357 923 innumera
371 906 426 930 plana
441 906 485 928 dari,
498 910 517 924 et
527 907 637 930 quorumvis
646 906 746 930 planorum
756 906 778 924 F
785 910 803 924 et
816 906 832 929 Q
841 906 957 924 infinitorum
967 910 1059 930 punctum

260 945 361 957 commune
375 939 486 958 habentium
500 940 605 958 sectionem
619 944 691 957 rectam
706 940 793 964 utrinque
807 939 899 958 infinitam
916 946 969 962 esse,
988 940 1012 958 ita
1026 946 1060 964 per

259 973 340 996 quodvis
354 977 446 997 punctum
460 977 521 991 rectas
535 973 642 991 innumeras
656 973 701 995 dari,
716 977 735 991 et
748 973 856 997 quarumvis
871 974 950 991 duarum
964 977 1059 991 rectarum

260 1005 331 1029 aliquid
345 1012 447 1024 commune
461 1006 571 1024 habentium
587 1007 692 1024 sectionem
707 1013 765 1024 unum
779 1010 870 1031 punctum
885 1013 931 1025 esset

297 1039 323 1057 At
338 1039 419 1063 quaestio
433 1039 526 1062 subvenit,
541 1046 585 1057 num
599 1046 633 1063 per
647 1045 658 1063 p
672 1046 730 1057 unum
743 1039 803 1057 solum
814 1043 846 1057 aut
856 1040 909 1064 plura
918 1046 994 1063 quoque
1004 1040 1059 1063 plana

260 1072 334 1090 diversa
353 1073 422 1091 dentur
435 1073 511 1097 planum
530 1073 551 1091 F
566 1079 603 1090 uon
622 1073 717 1091 secantia?
735 1073 755 1090 Si
773 1073 847 1090 nonnisi
865 1079 923 1091 unum
940 1073 967 1095 sit,
982 1077 1022 1091 tum
1041 1077 1060 1091 et

259 1106 318 1123 sectio
332 1106 383 1130 plani
397 1106 444 1124 illius
459 1106 516 1124 solius
530 1106 556 1124 P'
570 1111 626 1130 atque
645 1106 694 1130 plani
713 1106 736 1128 F,
749 1113 783 1130 per
801 1106 876 1130 planum
895 1106 971 1124 tertium
990 1107 1006 1129 Q
1020 1113 1060 1130 iper

259 1143 331 1157 rectam
346 1146 369 1157 ex
383 1139 446 1163 aliquo
460 1143 531 1163 puncto
545 1139 602 1163 ipsius
616 1140 638 1157 P
648 1140 671 1157 ad
685 1140 762 1163 aliquod
776 1139 833 1163 ipsius
847 1139 873 1157 P'
885 1140 960 1157 ductam
971 1139 1059 1163 positum]

259 1172 313 1195 facta,
329 1173 422 1191 eiusmodi
436 1179 469 1197 par
486 1177 582 1191 rectarum
600 1173 700 1197 producet,
715 1179 757 1196 qnae
776 1173 794 1190 in
812 1172 888 1196 planum
906 1173 923 1196 Q
937 1173 1026 1191 cadentes
1040 1179 1060 1191 se

259 1206 342 1224 invicem
357 1213 395 1224 non
410 1210 480 1228 secant,
495 1207 529 1224 sed
543 1206 615 1230 quaevis
629 1206 664 1224 alia
678 1213 711 1230 per
725 1210 817 1230 punctum
831 1211 842 1230 p
856 1206 874 1224 in
889 1207 956 1224 eodem
971 1206 1028 1230 plano
1043 1206 1060 1229 Q

259 1239 321 1263 posita
334 1243 385 1257 secat
399 1244 470 1257 rectam
485 1240 529 1264 ipsis
543 1240 564 1257 P
575 1243 592 1258 et
610 1240 627 1263 Q
640 1246 774 1262 communem,
789 1246 833 1257 nam
845 1240 906 1257 sinon
916 1243 995 1261 secaret,
1004 1239 1060 1257 facile

260 1273 401 1291 demonstratur
416 1277 434 1291 et
447 1273 524 1297 planum
539 1280 573 1297 per
586 1277 657 1291 rectam
672 1273 724 1291 issam
739 1279 761 1291 ex
775 1278 786 1297 p
801 1273 883 1297 positum
898 1273 943 1295 dari,
954 1273 1005 1297 quod
1021 1272 1059 1296 pla-

259 1313 304 1324 num
320 1307 340 1324 P
351 1313 389 1324 non
403 1311 481 1324 secaret.
496 1307 561 1330 Atque
575 1311 616 1325 tum
630 1307 713 1325 Axioma
727 1307 762 1325 XI.
778 1306 863 1324 Euclidis
873 1310 978 1324 constaret:
993 1307 1025 1324 sed
1036 1307 1059 1324 de

260 1340 295 1358 hoc
309 1340 363 1364 plura
377 1340 459 1358 inferius*

287 1420 334 1432 nom„
343 1420 405 1430 remam„
418 1420 431 1430 11⁴
1000 1421 1007 1429 2
