1346 1723
568 258 636 271 sacrm
650 259 717 270 PRlMA.
1022 257 1042 274 13

242 313 309 337 quovis
322 313 367 331 fiant
382 313 405 331 ad
419 313 495 337 planum
509 313 596 336 trianguli
610 313 777 337 perpendiculares
791 313 809 330 in
823 316 903 336 utraque
917 312 971 335 plaga
981 318 1043 335 aequa-

242 347 281 364 les:
295 350 335 364 tum
349 346 416 364 formae
430 346 487 370 ipsius
502 346 522 363 F
533 347 601 364 dantur
615 350 678 370 partes
691 346 738 364 tales
752 350 772 364 ut
784 352 839 369 supra
849 345 920 363 dictum
931 349 964 367 est,
974 351 1043 368 nempe

242 380 302 398 forma
316 386 326 398 e
340 380 434 403 triangulo
449 383 468 397 et
481 379 634 403 perpendiculari
649 386 691 403 quae
706 379 724 397 in
738 385 775 397 una
789 379 844 403 plaga
854 382 882 396 est
892 382 985 401 constans,
998 378 1043 396 item

242 413 303 431 forma
317 419 340 431 ex
354 413 423 431 eodem
437 412 531 436 triangulo
546 416 564 430 et
578 412 732 437 perpendiculari
750 412 808 430 altera
826 416 914 429 constans
935 411 981 429 tales
995 414 1043 433 sunt,

243 450 263 464 ut
277 447 388 470 complexus
402 453 466 464 earum
480 446 501 464 F
511 446 539 468 sit,
551 449 570 464 et
584 452 620 464 una
635 445 711 469 imagini
725 445 801 463 alterius
815 445 902 463 absolute
916 444 993 469 aequalis
1010 444 1044 467 sit;

243 484 300 504 atque
314 480 335 498 F
346 487 388 498 cum
403 480 483 503 imagine
498 486 530 497 sua
544 486 649 503 congruere
663 485 740 503 quoque
754 483 822 503 potest.

281 514 308 532 At
322 513 337 531 si
351 514 368 531 in
383 520 419 532 una
432 517 505 531 tantuin
523 513 577 537 plaga
596 513 619 530 sit
636 512 802 537 perpendicularis,
821 512 855 530 nisi
869 518 879 529 e
893 511 1046 536 perpendiculari

243 547 357 571 triangulum
373 547 500 571 aequicrururn
515 547 598 565 bifariam
614 546 712 564 dividente
727 550 790 564 erecta
804 546 832 568 sit,
847 545 888 563 haec
902 545 963 563 forma
977 545 1046 563 talibus

244 581 317 598 duabus
331 580 415 604 partibus
430 584 450 598 ut
465 580 536 598 dictum
552 584 584 602 est,
600 586 638 598 non
652 580 733 603 gaudet,
754 586 816 603 neque
830 583 891 603 potest
907 585 949 597 cum
964 578 1045 602 imagine

245 620 277 631 sua
291 620 403 637 congruere,

283 646 311 664 Sit
324 646 370 664 item
385 646 432 670 (Fig.
445 646 469 667 zi>
487 647 542 664 ianua
561 645 648 669 2123021),
669 647 692 664 ad
706 645 727 668 U,
742 645 758 664 Σ)
772 646 808 664 sint
826 645 918 668 cardines,
933 644 1006 670 &5035
1023 645 1047 663 sit

246 686 286 698 sera
300 680 414 704 prominens,
430 686 472 704 quae
487 686 529 698 cum
540 680 666 704 prominentia
676 679 733 703 ipsius
743 678 760 697 Ε
770 679 844 697 ianuam
855 679 935 701 clauditg
951 679 975 696 sit
984 678 1046 702 imago

246 713 300 731 huius
314 712 364 736 ilbcb,
380 717 399 731 et
412 713 469 731 facies
483 720 493 731 e
507 713 584 737 regione
601 716 671 731 stantes
682 712 718 730 sint
728 713 781 734 albae,
796 712 894 730 manifesto
905 718 946 729 sera
956 715 974 729 et
984 711 1046 735 imago

246 747 286 764 eius
300 746 410 770 prominens
424 753 469 770 erga
482 753 501 764 se
515 746 597 764 invicem
618 750 706 770 porrecta
725 750 773 767 sunt,
792 750 848 769 atque
866 745 950 763 faciebus
968 745 1015 763 albis
1029 749 1047 763 et

247 779 285 798 218
299 786 320 798 ac
335 779 358 798 ab
372 780 525 803 congruentibus,
540 786 580 798 sera
595 783 614 798 et
627 780 689 803 imago
700 779 739 797 eius
749 779 767 796 in
778 779 841 803 plagas
851 778 955 796 contrarias
965 779 1044 801 cadent3

247 813 279 831 sed
294 813 308 831 si
322 814 345 831 ad
359 812 393 837 §OE
407 817 425 831 et
439 812 477 838 (EX)
491 819 553 837 isupra
567 816 586 831 et
599 813 652 836 infra>
666 813 729 831 omnia
743 812 823 837 aequalia
836 816 904 834 essent,
919 812 1005 835 adeoque
1016 812 1047 829 da-

247 850 312 864 rentur
327 847 369 864 duae
383 850 447 870 partes
461 850 481 864 ut
495 846 566 864 dietum
581 850 619 864 est:
635 850 674 864 nun
688 852 744 864 verso
758 846 799 870 ipso
809 844 854 864 abcb
864 845 914 863 circa
927 844 942 863 ff
955 851 1014 868 usque
1024 845 1047 862 ad

248 880 296 897 duos
309 883 378 902 rectos,
393 883 413 897 ut
427 880 484 897 facies
498 879 550 903 nigra
564 879 649 903 imaginis
663 879 718 897 faciei
732 879 780 897 albae
794 879 865 897 obiecti
878 878 994 900 obvertatur,
1004 884 1047 902 pro-

249 913 295 931 dibit
310 911 360 935 bcha,
375 913 427 931 cuius
442 913 502 933 [simul
517 919 559 931 cum
578 919 624 936 sera,
643 913 695 931 iuxta
713 912 795 936 schema]
813 912 870 930 facies
891 912 943 935 nigra
961 911 1049 935 congruit

248 946 296 964 albae
310 946 364 964 faciei
378 946 436 970 ipsius
450 945 530 965 UBOED.
549 946 577 964 At
590 946 604 964 si
618 947 642 964 ad
656 945 672 964 Ε
687 946 710 964 sit
724 946 794 969 aliquid
813 950 832 964 ut
850 951 910 969 supra,
929 946 980 969 qnod
995 945 1018 962 ad
1032 943 1048 970 f)

248 986 286 997 non
300 983 333 1002 est,
348 979 473 1003 congruentia
487 979 608 1004 impossibilis
622 982 657 997 est.

286 1013 374 1031 Cuiusvis
388 1012 473 1031 animalis
492 1013 553 1030 forma
567 1017 650 1035 externa,
669 1013 686 1030 in
701 1019 737 1036 qua
752 1012 873 1030 montrositas
887 1011 937 1029 nulla
951 1015 985 1033 est,
999 1011 1025 1029 ita
1039 1017 1048 1028 a

248 1050 314 1064 natura
328 1050 438 1070 comparata
458 1050 491 1068 est,
511 1050 531 1064 ut
549 1046 630 1069 gaudeat
651 1046 723 1064 duabus
741 1045 833 1063 eiusmodi
851 1045 940 1069 partibus.
960 1048 979 1062 ut
993 1051 1049 1068 supra

249 1079 320 1097 dictum
335 1083 374 1102 est3
389 1079 428 1097 imo
442 1079 510 1097 talibus
524 1083 544 1097 ut
558 1086 594 1097 una
608 1080 671 1103 imago
685 1079 762 1097 alterius
776 1085 816 1097 esse
830 1079 894 1102 possit,
909 1078 961 1102 quasi
975 1084 997 1096 ex
1011 1084 1048 1096 uno

249 1113 305 1137 plano
319 1113 337 1130 in
351 1117 431 1136 utraque
446 1113 500 1137 plaga
514 1113 572 1131 inodo
586 1119 641 1137 supra
656 1113 707 1130 dicto
718 1112 816 1136 aequaliter
826 1115 921 1136 generata,
932 1111 1049 1135 geometrice

249 1152 305 1164 sensu
319 1146 369 1164 dicto
384 1146 465 1169 aequalia
478 1150 546 1164 essent.

286 1179 397 1197 Nmandum
416 1183 479 1197 autem
498 1183 531 1202 est,
550 1180 598 1197 inter
616 1185 682 1197 omnes
700 1178 809 1203 superficies
827 1179 888 1196 solnm
906 1179 983 1202 planum
1003 1184 1048 1200 esse,

249 1213 302 1231 cuius
316 1213 407 1236 quaelibet
427 1213 483 1230 facies
497 1212 551 1230 alteri
565 1213 645 1230 obversa
659 1212 707 1230 hanc
721 1216 787 1236 tegere
801 1216 868 1236 queat,
888 1216 945 1236 atque
960 1212 977 1230 in
991 1216 1049 1236 syste-

251 1250 299 1264 mate
314 1246 408 1264 Eucliden
422 1246 499 1270 planum
513 1246 574 1264 solum
589 1252 631 1263 cum
646 1245 720 1269 sphaera
730 1245 747 1263 in
758 1252 781 1263 eo
791 1246 899 1267 convenire,
914 1246 965 1269 quod
979 1249 1050 1263 utrum—

250 1287 286 1305 que
301 1280 350 1298 circa
364 1280 445 1304 quodvis
458 1280 486 1298 sui
500 1283 591 1304 punctum
606 1279 624 1297 in
638 1286 658 1297 se
673 1279 745 1297 moveri
759 1283 817 1302 queat
827 1279 915 1302 (inferius,
926 1284 997 1302 *31351,
1008 1279 1022 1300 ὃ.
1034 1279 1049 1296 ss‘i

251 1317 269 1332 et
283 1313 343 1331 solum
358 1313 459 1331 discrimen
474 1319 519 1335 esse,
535 1313 586 1336 quod
599 1313 679 1337 sphaerae
693 1312 774 1336 quodvis
784 1316 875 1336 punctum
886 1312 908 1330 ab
919 1312 987 1330 eodem
998 1316 1050 1330 certo

251 1347 364 1371 aequidistet.

288 1380 315 1398 Π.
330 1380 395 1398 Rectis
409 1386 466 1404 porro
480 1379 570 1404 pluribus,
580 1380 618 1397 irno
632 1379 806 1401 innumerabilibus,
818 1382 909 1403 punctum
924 1384 935 1402 p
949 1385 1050 1396 commune
